<?xml version="1.0" encoding="UTF-8"?><collection xmlns="http://www.loc.gov/MARC21/slim"><record><leader>00515nam--2200181-u-4500</leader><controlfield tag="001">000051474</controlfield><controlfield tag="002">20161230</controlfield><controlfield tag="005">20161230201049</controlfield><controlfield tag="008">080721s1000------------r-----000-0-eng-d</controlfield><datafield ind1=" " ind2=" " tag="040"><subfield code="a">IFIN-HH</subfield></datafield><datafield ind1=" " ind2=" " tag="080"><subfield code="a">517.2</subfield></datafield><datafield ind1="1" ind2=" " tag="100"><subfield code="a">Donciu,N. si Flondor,D</subfield></datafield><datafield ind1="1" ind2="0" tag="245"><subfield code="a">Algebra si Analiza Matematica</subfield><subfield code="b">Vol.1. Culegere de Probleme</subfield><subfield code="c">N. donciu; d. flondor</subfield></datafield><datafield ind1=" " ind2=" " tag="260"><subfield code="a">Bucuresti</subfield><subfield code="b">Editura Didactica si Pedagogica</subfield><subfield code="c">1978</subfield></datafield><datafield ind1=" " ind2=" " tag="300"><subfield code="a">358 p</subfield></datafield><datafield ind1="1" ind2=" " tag="700"><subfield code="a">Flondor, D</subfield></datafield><datafield ind1=" " ind2=" " tag="852"><subfield code="a">46085</subfield><subfield code="c">517.2/3</subfield></datafield><datafield ind1=" " ind2=" " tag="CAT"><subfield code="a">Sys</subfield><subfield code="c">20110209</subfield><subfield code="h">120553</subfield></datafield></record></collection>